@article{dd,
 author = {Zeller, Andreas and Hildebrandt, Ralf},
 title = {Simplifying and Isolating Failure-Inducing Input},
 journal = {IEEE Trans. Softw. Eng.},
 volume = {28},
 number = {2},
 year = {2002},
 issn = {0098-5589},
 pages = {183--200},
 doi = {http://dx.doi.org/10.1109/32.988498},
 publisher = {IEEE Press},
 address = {Piscataway, NJ, USA},
 }

@inproceedings{hdd,
 author = {Misherghi, Ghassan and Su, Zhendong},
 title = {HDD: hierarchical delta debugging},
 booktitle = {ICSE '06: Proceedings of the 28th international conference on
                  Software engineering},
 year = {2006},
 isbn = {1-59593-375-1},
 pages = {142--151},
 location = {Shanghai, China},
 doi = {http://doi.acm.org/10.1145/1134285.1134307},
 publisher = {ACM},
 address = {New York, NY, USA},
 }


@inproceedings{idd,
 author = {Artho, Cyrille},
 title = {Iterative Delta Debugging},
 booktitle = {HVC '08: Proceedings of the 4th International Haifa Verification
                  Conference on Hardware and Software: Verification and
                  Testing},
 year = {2009},
 isbn = {978-3-642-01701-8},
 pages = {99--113},
 location = {Haifa, Israel},
 doi = {http://dx.doi.org/10.1007/978-3-642-01702-5_13},
 publisher = {Springer-Verlag},
 address = {Berlin, Heidelberg},
 }

@inproceedings{nc,
 author = {Shi, Jianbo and Malik, Jitendra},
 title = {Normalized Cuts and Image Segmentation},
 booktitle = {CVPR '97: Proceedings of the 1997 Conference on Computer Vision
                  and Pattern Recognition (CVPR '97)},
 year = {1997},
 isbn = {0-8186-7822-4},
 pages = {731},
 publisher = {IEEE Computer Society},
 address = {Washington, DC, USA},
 }
