@article{dd,
 author = {Zeller, Andreas and Hildebrandt, Ralf},
 title = {Simplifying and Isolating Failure-Inducing Input},
 journal = {IEEE Trans. Softw. Eng.},
 volume = {28},
 number = {2},
 year = {2002},
 issn = {0098-5589},
 pages = {183--200},
 doi = {http://dx.doi.org/10.1109/32.988498},
 publisher = {IEEE Press},
 address = {Piscataway, NJ, USA},
 }

@inproceedings{hdd,
 author = {Misherghi, Ghassan and Su, Zhendong},
 title = {HDD: hierarchical delta debugging},
 booktitle = {ICSE '06: Proceedings of the 28th international conference on
                  Software engineering},
 year = {2006},
 isbn = {1-59593-375-1},
 pages = {142--151},
 location = {Shanghai, China},
 doi = {http://doi.acm.org/10.1145/1134285.1134307},
 publisher = {ACM},
 address = {New York, NY, USA},
 }


@inproceedings{idd,
 author = {Artho, Cyrille},
 title = {Iterative Delta Debugging},
 booktitle = {HVC '08: Proceedings of the 4th International Haifa Verification
                  Conference on Hardware and Software: Verification and
                  Testing},
 year = {2009},
 isbn = {978-3-642-01701-8},
 pages = {99--113},
 location = {Haifa, Israel},
 doi = {http://dx.doi.org/10.1007/978-3-642-01702-5_13},
 publisher = {Springer-Verlag},
 address = {Berlin, Heidelberg},
 }

@inproceedings{nc,
 author = {Shi, Jianbo and Malik, Jitendra},
 title = {Normalized Cuts and Image Segmentation},
 booktitle = {CVPR '97: Proceedings of the 1997 Conference on Computer Vision
                  and Pattern Recognition (CVPR '97)},
 year = {1997},
 isbn = {0-8186-7822-4},
 pages = {731},
 publisher = {IEEE Computer Society},
 address = {Washington, DC, USA},
 }


@inproceedings{smt,
 author = {Brummayer, Robert and Biere, Armin},
 title = {Fuzzing and delta-debugging SMT solvers},
 booktitle = {SMT '09: Proceedings of the 7th International Workshop on
                  Satisfiability Modulo Theories},
 year = {2009},
 isbn = {978-1-60558-484-3},
 pages = {1--5},
 location = {Montreal, Canada},
 doi = {http://doi.acm.org/10.1145/1670412.1670413},
 publisher = {ACM},
 address = {New York, NY, USA},
 }


@inproceedings{weiser81,
 author = {Weiser, Mark},
 title = {Program slicing},
 booktitle = {ICSE '81: Proceedings of the 5th international conference on
                  Software engineering},
 year = {1981},
 isbn = {0-89791-146-6},
 pages = {439--449},
 location = {San Diego, California, United States},
 publisher = {IEEE Press},
 address = {Piscataway, NJ, USA},
 }


@techreport{tip94,
 author = {Tip, Frank},
 title = {A Survey of Program Slicing Techniques.},
 year = {1994},
 source =
                  {http://www.ncstrl.org:8900/ncstrl/servlet/search?formname=detail\&id=oai%3Ancstrlh%3Aercim_cwi%3Aercim.cwi%2F%2FCS-R9438},
 publisher = {CWI (Centre for Mathematics and Computer Science)},
 address = {Amsterdam, The Netherlands, The Netherlands},
 }


@inproceedings{agrawal90,
 author = {Agrawal, Hiralal and Horgan, Joseph R.},
 title = {Dynamic program slicing},
 booktitle = {PLDI '90: Proceedings of the ACM SIGPLAN 1990 conference on
                  Programming language design and implementation},
 year = {1990},
 isbn = {0-89791-364-7},
 pages = {246--256},
 location = {White Plains, New York, United States},
 doi = {http://doi.acm.org/10.1145/93542.93576},
 publisher = {ACM},
 address = {New York, NY, USA},
 }

@Misc{trex,
  author = {Tristan Ravitch},
  howpublished = {personal communication},
  year = 2010,
  month = {June}
}

@misc{clang,
  author = {{LLVM} Project},
  title = {clang, a {C} language family frontend for {LLVM}},
  howpublished = {\url{http://clang.llvm.org/}}
}

@misc{gcc,
  author = {GNU Project},
  title = {GNU Compiler Collection},
  howpublished = {\url{http://gcc.gnu.org}}
}

@misc{pyswip,
author = {Yuce Tekol},
title = {PySWIP},
howpublished = {\url{http://http://code.google.com/p/pyswip/}}
}


@misc{swipl, 
author = {Jan Wielemaker},
title = {{SWI-Prolog}},
howpublished = {\url{http://www.swi-prolog.org/}}
}

@misc{rose,
  author = {Dan Quinlain},
  title = {ROSE},
  howpublished = {\url{http://www.rosecompiler.org/}}
}

@article{zeller99,
 author = {Zeller, Andreas},
 title = {Yesterday, my program worked. Today, it does not. Why?},
 journal = {SIGSOFT Softw. Eng. Notes},
 volume = {24},
 number = {6},
 year = {1999},
 issn = {0163-5948},
 pages = {253--267},
 doi = {http://doi.acm.org/10.1145/318774.318946},
 publisher = {ACM},
 address = {New York, NY, USA},
 }


@misc{horwitz10,
author = {Horwitz, Susan},
howpublished = {personal communication},
year = 2010,
month = {October},
}
