@misc{clang,
  author = {LLVM Project},
  title = {clang, a C language family frontend for LLVM},
  howpublished = {\url{http://clang.llvm.org/}}
}

@misc{pyswip,
author = {Yuce Tekol},
title = {PySWIP},
howpublished = {\url{http://http://code.google.com/p/pyswip/}}
}
